@article{scopatz_pyne,
        title = {{PyNE} Progress Report},
        journal = {Transactions of the American Nuclear Society},
        author = {Scopatz, Anthony and Biondo, Elliott and Brachem, Carsten and Xia, John and {WIlson}, Paul {P.H.}},
        volume={109},
        year = {2013},
        pages={1206-1208}
}

@article{xml-datatypes,
  title={XML schema part 2: Datatypes},
  author={Biron, Paul and Malhotra, Ashok and World Wide Web Consortium and others},
  journal={World Wide Web Consortium Recommendation REC-xmlschema-2-20041028},
  year={2004}
}
